<?xml version="1.0" encoding="UTF-8"?><collection xmlns="http://www.loc.gov/MARC21/slim"><record><leader>00482nam--2200181-i-4500</leader><controlfield tag="001">000015080</controlfield><controlfield tag="002">20161230</controlfield><controlfield tag="005">20161230201031</controlfield><controlfield tag="008">060222s1000------------r-----000-0-rus-d</controlfield><datafield ind1=" " ind2=" " tag="040"><subfield code="a">IFIN-HH</subfield></datafield><datafield ind1=" " ind2=" " tag="041"><subfield code="a">rus</subfield></datafield><datafield ind1=" " ind2=" " tag="080"><subfield code="a">539.17(047.1):53.143(047.1)</subfield></datafield><datafield ind1="1" ind2=" " tag="100"><subfield code="a">Babikov,V.V</subfield></datafield><datafield ind1="1" ind2="0" tag="245"><subfield code="a">Voprosi teorii iadernih vzaimodeistvii</subfield><subfield code="c">V.v babikov</subfield></datafield><datafield ind1=" " ind2=" " tag="260"><subfield code="a">Dubna</subfield><subfield code="b">Institut Iadernih Issledovanii</subfield><subfield code="c">1974</subfield></datafield><datafield ind1=" " ind2=" " tag="300"><subfield code="a">111P</subfield></datafield><datafield ind1=" " ind2=" " tag="852"><subfield code="a">40849</subfield><subfield code="c">539.17</subfield></datafield><datafield ind1=" " ind2=" " tag="CAT"><subfield code="a">Sys</subfield><subfield code="c">20120611</subfield><subfield code="h">171657</subfield></datafield></record></collection>